@misc{krausest48:online,
  author       = {Krause, Stefan},
  title        = {krausest/js-framework-benchmark: A comparison of the perfomance of a few popular javascript frameworks},
  howpublished = {\url{https://github.com/krausest/js-framework-benchmark}},
  month        = {},
  year         = {2020},
  note         = {(Accessed on 04/06/2020)}
}

@misc{ReactvsA7:online,
  author = {Schwarzm√ºller, Maximilian},
  title  = {React vs. Angular vs. Vue: Which is the Best JavaScript Framework?},
  month  = {August},
  year   = {2019},
  note   = {(Accessed on 04/06/2020)}
}

@article{saks2019javascript,
  author       = {Saks, Elar},
  title        = {JavaScript Frameworks: Angular vs React vs Vue.},
  howpublished = {\url{https://www.theseus.fi/bitstream/handle/10024/261970/Thesis-Elar-Saks.pdf?sequence=2}},
  month        = {},
  year         = {2019},
  note         = {(Accessed on 04/06/2020)}
}

@phdthesis{wohlgethan2018supportingweb,
  title  = {SupportingWeb Development Decisions by Comparing Three Major JavaScript Frameworks: Angular, React and Vue.js},
  author = {Wohlgethan, Eric},
  year   = {2018},
  school = {Hochschule f{\"u}r Angewandte Wissenschaften Hamburg},
  note   = {(Accessed on 04/06/2020)}
}